% Bibliografia e referências auxiliares

@MasterThesis{Carnegie,
  Title     = {Principled Compilation},
  Author    = {David Koes},
  School    = {Carnegie Mellon University},
  Year      = 2009,
  URL       = {http://www.cs.cmu.edu/~dkoes/research.html},
  URLAccessDate = {7 out. 2012}
}

@Misc{Ecole,
  Title     = {Cloud9: Automated Software Testing at Scale},
  Organization = {George Candea's Research Group},
  School    = {Ecole Polytechnique Fédérale de Lausanne},
  Year      = 2010,
  URL       = {http://dslab.epfl.ch/proj/cloud9},
  URLAccessDate = {7 out. 2012}
}

@Misc{NewYork,
  Title     = {Validation of Interprocedural Optimizations},
  Author    = {Anna Zaks},
  School    = {New York University},
  Year      = 2007,
  URL       = {http://www.nyu.edu/},
  URLAccessDate = {7 out. 2012}
}

@Misc{Stanford,
  Title     = {KLEE Symbolic Virtual Machine},
  Organization = {Dawson Engler's Research Group},
  School    = {Stanford Universty},
  Year      = 2008,
  URL       = {http://klee.llvm.org/},
  URLAccessDate = {7 out. 2012}
}

@Misc{California,
  Title     = {LENS Framework},
  Author    = {Michael McCracken},
  School    = {University of California, San Diego},
  Year      = 2006,
  URL       = {http://www.cse.ucsd.edu/~mmccrack/lens/},
  URLAccessDate = {7 out. 2012}
}

@Misc{Illinois,
  Title     = {Secure Virtual Architecture/SAFECode},
  Organization = {Vikram Adve's Research Group},
  School    = {University of Illinois at Urbana-Champaign},
  Year      = 2009,
  URL       = {http://sva.cs.illinois.edu/},
  URLAccessDate = {7 out. 2012}
}

@Misc{Adobe1,
  Title     = {Hydra Language (Pizel Bender)},
  Organization = {Adobe Systems Incorporated},
  Org-Short = {Adobe},
  Year      = 2010,
  URL       = {http://llvm.org/ProjectsWithLLVM/%23adobe-hydra},
  URLAccessDate = {7 out. 2012}
}

@Misc{Adobe2,
  Title     = {Alchemy C/C++ Compiler for the ActionScript Virtual Machine (AVM2)},
  Organization = {Adobe Systems Incorporated},
  Org-Short = {Adobe},
  Year      = 2008,
  URL       = {http://labs.adobe.com/wiki/index.php/Alchemy},
  URLAccessDate = {7 out. 2012}
}

@Misc{Adobe3,
  Title     = {ActionScript 3 Ahead-of-Time},
  Organization = {Adobe Systems Incorporated},
  Org-Short = {Adobe},
  Year      = 2008,
  URL       = {http://www.adobe.com/devnet/logged%5Fin/abansod%5Fiphone.html},
  URLAccessDate = {7 out. 2012}
}

@Misc{Apple1,
  Title     = {Xcode 3.x - 4.x},
  Organization = {Apple Inc.},
  Org-Short = {Apple},
  Year      = 2010,
  URL       = {http://www.apple.com/macosx/developers/%23xcode},
  URLAccessDate = {7 out. 2012}
}

@Misc{Apple2,
  Title     = {Mac OS X 10.4 - OS X 10.7},
  Organization = {Apple Inc.},
  Org-Short = {Apple},
  Year      = 2006,
  URL       = {http://www.apple.com/osx/},
  URLAccessDate = {7 out. 2012}
}

@Misc{EA,
  Title     = {Experimental backend for custom language implementation},
  Organization = {Eletronic Arts},
  Org-Short = {EA},
  Year      = 2010,
  URL       = {http://www.ea.com/},
  URLAccessDate = {7 out. 2012}
}

@Misc{Intel,
  Title     = {OpenCL},
  Organization = {Intel},
  Org-Short = {Intel},
  Year      = 2010,
  URL       = {http://llvm.org/devmtg/2011-11/Rotem%5FIntelOpenCLSDKVectorizer.pdf},
  URLAccessDate = {7 out. 2012}
}

@Misc{NVIDIA,
  Title     = {OpenCL runtime compiler},
  Organization = {NVIDIA},
  Org-Short = {NVIDIA},
  Year      = 2009,
  URL       = {http://www.nvidia.com/},
  URLAccessDate = {7 out. 2012}
}

@Misc{Siemens,
  Title     = {Compiler for embedded VLIW processor},
  Organization = {Siemens Technology-to-Business Center},
  Org-Short = {Siemens},
  Year      = 1999,
  URL       = {http://www.siemens.com/},
  URLAccessDate = {7 out. 2012}
}

@Misc{Sun,
  Title     = {Parfait: Bug checker of C code},
  Organization = {Sun Microsystems Laboratories},
  Org-Short = {Sun},
  Year      = 2009,
  URL       = {http://research.sun.com/projects/parfait},
  URLAccessDate = {7 out. 2012}
}

@Misc{iPhoneDev,
  Title     = {iPhone development tools},
  Year      = 2009,
  URL       = {http://code.google.com/p/iphone-dev/wiki/Building},
  URLAccessDate = {7 out. 2012}
}

@Misc{Mono,
  Title     = {Mono},
  Organization = {Mono Project},
  Year      = 2000,
  URL       = {http://tirania.org/blog/archive/2009/Jul-16.html},
  URLAccessDate = {7 out. 2012}
}

@Misc{MacRuby,
  Title     = {MacRuby},
  Year      = 2007,
  URL       = {http://macruby.org/},
  URLAccessDate = {7 out. 2012}
}
