
@Misc{Aaby04,
  Title     = {Compiler Construction using Flex and Bison},
  Author    = {Anthony A. Aaby},
  Address   = {Washington, USA},
  Year      = 2004,
  Publisher = {Walla Walla College},
  School    = {Walla Walla College},
  URL       = {http://freecomputerbooks.com/compiler-design-using-flex-and-yacc.html}
}

@Book{Aho08,
  Author    = {Alfred V. Aho and Jeffrey D. Ullman and Monica S. Lam and Ravi Sethi},
  Title     = {Compiladores},
  Subtitle  = {Princ\'ipios, T\'ecnicas e Ferramentas},
  Publisher = {Pearson Addison-Wesley},
  Address   = {S\~ao Paulo, Brasil},
  Year      = 2008,
  Edition   = 2,
  ISBN      = {978-85-88639-24-9},
  URL       = {http://www.aw.com/aho_br}
}

@Book{Bison11,
  Author    = {Richard Stallman and Charles Donnelly},
  Title     = {Bison},
  Subtitle  = {The {Y}acc-compatible Parser Generator},
  Address   = {Boston, USA},
  Edition   = {2.5},
  Year      = 2011,
  Publisher = {Free Software Foundation},
  ISBN      = {1-882114-44-2},
  URL       = {http://www.gnu.org/software/bison/}
}

@Misc{Cantu08,
  Title     = {Gera\cc\~ao de c\'odigo para a m\'aquina virtual {LLVM} a partir de programas escritos na linguagem de programa\cc\~ao {J}ava (Tradutor {J}ava-{LLVM})},
  Author    = {Eduardo Mello Cant\'u},
  Address   = {Florian\'opolis - SC, Brasil},
  Year      = 2008,
  Publisher = {Universidade Federal de Santa Catarina},
  School    = {Universidade Federal de Santa Catarina},
  URL       = {http://projetos.inf.ufsc.br/projetos.php?busca=sim\&autor=cant%FA}
}

@Misc{Crenshaw88,
  Author    = {Jack W. Crenshaw},
  Title     = {Let's Build a Compiler},
  Year      = 1988,
  URL       = {http://compilers.iecc.com/crenshaw/}
}

@Misc{Franz94,
  Title     = {Code-{G}eneration {O}n-the-{F}ly},
  Author    = {Michael Steffen Oliver Franz},
  Subtitle  = {{A} {K}ey to {P}ortable {S}oftware},
  Year      = 1994,
  URL       = {http://citeseerx.ist.psu.edu/viewdoc/summary?doi=10.1.1.20.1424}
}

@Misc{Machado07,
  Title     = {LLVM: An Infraestructure for multi-stage optimizations},
  Author    = {Alexandre Machado},
  Type      = {Resumo},
  Year      = 2007,
  URL       = {http://projetos.inf.ufsc.br/arquivos_projetos/projeto_720/ResumoTeseLattner.pdf}
}

@Misc{Mello08,
  Title     = {Gerador de Parser LR},
  Author    = {C\'esar Menin de Mello},
  Address   = {Rio Grande do Sul, Brasil},
  Year      = {2008},
  Publisher = {Universidade Luterana do Brasil},
  School    = {Universidade Luterana do Brasil},
  URL       = {http://pt.scribd.com/doc/38849214/Artigo-TC1-Cesar}
}

@misc{Mossenbock00,
  Title     = {Compiler Construction},
  Author    = {Hanspeter M\"ossenb\"ock},
  Subtitle  = {The Art of {N}iklaus {W}irth},
  Year      = 2000,
  URL       = {http://citeseerx.ist.psu.edu/viewdoc/summary?doi=10.1.1.28.580}
}

@Misc{Niemann10,
  Author    = {Tom Niemann},
  Title     = {A Compact Guide To Lex \& Yacc},
  Address   = {Oregon, USA},
  Year      = 2010,
  Publisher = {e{P}aper{P}ress},
  URL       = {http://www.epaperpress.com/lexandyacc/index.html}
}

@MastersThesis{Passos07,
  Title     = {Gerador LALR com Suporte a Resolu\cc\~ao de Conflitos},
  Author    = {Leonardo Teixeira Passos},
  Address   = {Belo Horizonte, Brasil},
  Year      = 2007,
  Publisher = {Universidade Federal de Minas Gerais},
  School    = {Universidade Federal de Minas Gerais},
  Type      = {Mestrado},
  URL       = {http://hdl.handle.net/1843/RVMR-79SPY3}
}

@Manual{Posix04,
  Title     = {IEEE Std 1003.1},
  Subtitle  = {{S}tandard for {I}nformation {T}hecnology - {P}ortable {O}perating {S}ystem {I}nterface ({POSIX} \textsuperscript{\textregistered})},
  Organization  = {IEEE Computer Society},
  Org-Short = {IEEE},
  Publisher = {The Open Group},
  Year      = 2004,
  Pages     = 1756,
  URL       = {http://www.unix.org/version4/ieee_std.html}
}

@Misc{Rufino08,
  Title     = {An\'alise de Tempo de Execu\cc\~ao Utilizando LLVM},
  Author    = {Leonardo Maccari Rufino},
  Address   = {Florian\'opolis - SC, Brasil},
  Year      = 2008,
  Publisher = {Universidade Federal de Santa Catarina},
  School    = {Universidade Federal de Santa Catarina},
  Type      = {TCC},
  URL       = {http://projetos.inf.ufsc.br/arquivos_projetos/projeto_902/TCC%2520%252B%2520Artigo.pdf}
}

@book{Wirth96,
  Title     = {Compiler construction},
  Author    = {Niklaus Wirth},
  Year      = 1996,
  Address   = {Michigan, USA},
  School    = {University of Michigan},
  Publisher = {Addison-Wesley},
  ISBN      = {978-02-0140-353-4},
  Series    = {{I}nternational {C}omputer {S}cience {S}eries},
  URL       = {http://books.google.com.br/books?id=GDUzAAAAMAAJ}
}
