% Bibliografica da Wikipedia

@inbook{wiki:lingprog,
  Publisher = {Wikimedia},
  Author = {Contribuidores da Wikip\'edia},
  Title = {Linguagem de programa\ca o},
  Booktitle = {Wikip\eh dia: a enciclop\eh dia livre},
  Address = {Fl\oh rida},
  Year = 2013,
  URL = {http://pt.wikipedia.org/w/index.php?title=Linguagem_de_programa%C3%A7%C3%A3o&oldid=34430764},
  URLAccessDate = {24 mar. 2013}
}

@inbook{wiki:redesneurais,
  Publisher = {Wikimedia},
  Author = {Contribuidores da Wikip\'edia},
  Title = {Rede neural},
  Booktitle = {Wikip\eh dia: a enciclop\eh dia livre},
  Address = {Fl\oh rida},
  Year = 2013,
  URL = {http://pt.wikipedia.org/w/index.php?title=Rede_neural&oldid=34399312},
  URLAccessDate = {24 mar. 2013}
}

@inbook{wiki:interpretadores,
  Publisher = {Wikimedia},
  Author = {Contribuidores da Wikip\'edia},
  Title = {Interpretador},
  Booktitle = {Wikip\eh dia: a enciclop\eh dia livre},
  Address = {Fl\oh rida},
  Year = 2013,
  URL = {http://pt.wikipedia.org/w/index.php?title=Interpretador&oldid=34442239},
  URLAccessDate = {24 mar. 2013}
}

@inbook{wiki:bison,
  Publisher = {Wikimedia},
  Author = {Contribuidores da Wikip\'edia},
  Title = {GNU Bison},
  Booktitle = {Wikip\eh dia: a enciclop\eh dia livre},
  Address = {Fl\oh rida},
  Year = 2013,
  URL = {http://pt.wikipedia.org/w/index.php?title=GNU_bison&oldid=35077742},
  URLAccessDate = {03 abr. 2013}
}

@inbook{wiki:jit,
  Publisher = {Wikimedia},
  Author = {Contribuidores da Wikip\'edia},
  Title = {JIT},
  Booktitle = {Wikip\eh dia: a enciclop\eh dia livre},
  Address = {Fl\oh rida},
  Year = 2013,
  URL = {http://pt.wikipedia.org/w/index.php?title=JIT&oldid=34890866},
  URLAccessDate = {03 abr. 2013}
}
